@article{DBLP:journals/corr/PapernotMJFCS15,
  author    = {Nicolas Papernot and
               Patrick D. McDaniel and
               Somesh Jha and
               Matt Fredrikson and
               Z. Berkay Celik and
               Ananthram Swami},
  title     = {The Limitations of Deep Learning in Adversarial Settings},
  journal   = {CoRR},
  volume    = {abs/1511.07528},
  year      = {2015},
  url       = {http://arxiv.org/abs/1511.07528},
  archivePrefix = {arXiv},
  eprint    = {1511.07528},
  timestamp = {Wed, 07 Jun 2017 14:40:42 +0200},
  biburl    = {https://dblp.org/rec/bib/journals/corr/PapernotMJFCS15},
  bibsource = {dblp computer science bibliography, https://dblp.org}
}

@article{DBLP:journals/corr/Moosavi-Dezfooli15,
  author    = {Seyed{-}Mohsen Moosavi{-}Dezfooli and
               Alhussein Fawzi and
               Pascal Frossard},
  title     = {DeepFool: a simple and accurate method to fool deep neural networks},
  journal   = {CoRR},
  volume    = {abs/1511.04599},
  year      = {2015},
  url       = {http://arxiv.org/abs/1511.04599},
  archivePrefix = {arXiv},
  eprint    = {1511.04599},
  timestamp = {Wed, 07 Jun 2017 14:40:13 +0200},
  biburl    = {https://dblp.org/rec/bib/journals/corr/Moosavi-Dezfooli15},
  bibsource = {dblp computer science bibliography, https://dblp.org}
}

@article{harnessing,
   author = {{Goodfellow}, I.~J. and {Shlens}, J. and {Szegedy}, C.},
    title = "{Explaining and Harnessing Adversarial Examples}",
  journal = {ArXiv e-prints},
archivePrefix = "arXiv",
   eprint = {1412.6572},
 primaryClass = "stat.ML",
 keywords = {Statistics - Machine Learning, Computer Science - Learning},
     year = 2014,
    month = dec,
   note = {https://arxiv.org/abs/1412.6572 (Accessed: 2018-06-21)},
}

@misc{tensorflow,
  title = {Tensorflow Website},
  howpublished = {https://www.tensorflow.org/},
  note = {(Accessed: 2018-06-21)}
}

@misc{mnist,
  title = {MNIST website},
  howpublished = {http://yann.lecun.com/exdb/mnist/},
  note = {(Accessed: 2018-06-21)}
}

@misc{cifar_10,
  title = {CIFAR website},
  howpublished = {https://www.cs.toronto.edu/~kriz/cifar.html},
  note = {(Accessed: 2018-06-21)}
}
